@book{SergeLang, 
 author = {Serge Lang}, 
 title = {Introduction To Algebraic Geometry}, 
 year = {1973}, 
 publisher = {Addison-Wesley Publishing Company Inc}, 
 }
@book{Delon, 
 author = {Françoise Delon}, 
 title = {Elimination Des Quantificateurs Dans Les Paires De Corps Algébriquement Clos}, 
 year = {2012}, 
 publisher = {World Scientific Publishing Company},
 }
@book{VanDenDries, 
 author = {Lou van den Dries}, 
 title = {Dense Pairs of o-minimal Structures}, 
 year = {1998}, 
 publisher = {Fundamenta Mathematicae},
 }
@book{PeterStarch, 
 author = {Peterzil, Ya'akov and Starchenko, Sergei}, 
 title = {A Trichotomy Theorem for o-minimal Structures}, 
 year = {1997}, 
 publisher = {Proceedings of the London Mathematical Society},
 }
 @misc{Lukas, 
 author = {Lukas Metzger}, 
 title = {Notizen zur {V}orlesung {M}odelltheorie bei {M}arkus {J}unker im {W}intersemester 2018/2019}, 
 year = {2019}, 
 howpublished = "\url{https://github.com/loewexy/mathe-modelltheorie/blob/master/skript_modelltheorie.pdf}",
 }
